@article{Chaiken:2008,
	author = {Chaiken, Ronnie and Jenkins, Bob and Larson, Per-\AAke and 
	Ramsey, Bill and Shakib, Darren and Weaver, Simon and Zhou, Jingren},
	title = {SCOPE: Easy and Efficient Parallel Processing of Massive Data 
	Sets},
	journal = {Proc. VLDB Endow.},
	issue_date = {August 2008},
	volume = {1},
	number = {2},
	month = aug,
	year = {2008},
	issn = {2150-8097},
	pages = {1265--1276},
	numpages = {12},
	url = {http://dx.doi.org/10.14778/1454159.1454166},
	doi = {10.14778/1454159.1454166},
	acmid = {1454166},
	publisher = {VLDB Endowment},
}

@misc{oracle_mr,
	title = {{Pattern Recognition With MATCH RECOGNIZE}},
	howpublished = 
	"\url{https://docs.oracle.com/cd/E28280_01/apirefs.1111/e12048/pattern_recog.htm#CQLLR1531}",
	year = {2016}, 
	note = "[Online; accessed 14-July-2016]"
}




